
@book{pattersonComputerOrganizationDesign2018,
  location = {{Cambridge, Massachusetts}},
  title = {Computer Organization and Design: The Hardware/Software Interface},
  edition = {RISC-V edition},
  isbn = {978-0-12-812275-4},
  shorttitle = {Computer Organization and Design},
  abstract = {The new RISC-V Edition of Computer Organization and Design features the RISC-V open source instruction set architecture, the first open source architecture designed to be used in modern computing environments such as cloud computing, mobile devices, and other embedded systems. With the post-PC era now upon us, Computer Organization and Design moves forward to explore this generational change with examples, exercises, and material highlighting the emergence of mobile computing and the Cloud. Updated content featuring tablet computers, Cloud infrastructure, and the x86 (cloud computing) and ARM (mobile computing devices) architectures is included},
  pagetotal = {565},
  publisher = {{Morgan Kaufmann Publishers, an imprint of Elsevier}},
  date = {2018},
  keywords = {Computer engineering,Computer interfaces,Computer organization},
  author = {Patterson, David A. and Hennessy, John L.},
  file = {C:\\Users\\jr776\\Zotero\\storage\\4Q6FYX39\\Computer-Organization-and-Design-The-Hardware-Software-Interface-RISC-V-Edition-.pdf},
  note = {OCLC: ocn993666159}
}


